<record><leader>00000cas a2200000 a 4500</leader><controlfield tag="001">23685416</controlfield><controlfield tag="008">910503d18uu1890iludr ne      0   a0eng c</controlfield><datafield ind1=" " ind2=" " tag="010"><subfield code="a">sn 91055789 </subfield></datafield><datafield ind1=" " ind2=" " tag="040"><subfield code="a">NVF</subfield><subfield code="b">eng</subfield><subfield code="c">NVF</subfield><subfield code="d">CVF</subfield><subfield code="d">OCL</subfield><subfield code="d">OCLCQ</subfield><subfield code="d">NVF</subfield><subfield code="d">OCLCF</subfield><subfield code="d">OCLCO</subfield></datafield><datafield ind1=" " ind2=" " tag="042"><subfield code="a">pcc</subfield></datafield><datafield ind1=" " ind2=" " tag="043"><subfield code="a">n-us-il</subfield></datafield><datafield ind1="0" ind2="4" tag="245"><subfield code="a">The Chicago globe.</subfield></datafield><datafield ind1="1" ind2=" " tag="246"><subfield code="i">Sunday issues published as:</subfield><subfield code="a">Chicago Sunday globe</subfield><subfield code="f">Apr. 15-May 13, 1888</subfield></datafield><datafield ind1="1" ind2=" " tag="246"><subfield code="i">Issues published as:</subfield><subfield code="a">Daily Chicago globe</subfield><subfield code="f">May 21, 1888-Jan. 29, 1889</subfield></datafield><datafield ind1="1" ind2=" " tag="246"><subfield code="i">Sunday issues published as:</subfield><subfield code="a">Sunday Chicago globe</subfield><subfield code="f">May 20, 1888-Jan. 27, 1889</subfield></datafield><datafield ind1="1" ind2=" " tag="246"><subfield code="i">Issues published as:</subfield><subfield code="a">Globe</subfield><subfield code="f">Jan. 30-Oct. 4, 1889</subfield></datafield><datafield ind1="1" ind2=" " tag="246"><subfield code="i">Sunday issues published as:</subfield><subfield code="a">Sunday globe</subfield><subfield code="f">Oct. 6, 1889-Aug. 10, 1890</subfield></datafield><datafield ind1=" " ind2=" " tag="260"><subfield code="a">Chicago, Ill. :</subfield><subfield code="b">Chicago Globe Co.</subfield></datafield><datafield ind1=" " ind2=" " tag="300"><subfield code="a">v.</subfield></datafield><datafield ind1=" " ind2=" " tag="310"><subfield code="a">Daily</subfield></datafield><datafield ind1="0" ind2=" " tag="362"><subfield code="a">-Aug. 8, 1890 ; vol. 3, no. 123 (Aug. 9, 1890)-v. 3, no. 126 (Aug. 12, 1890).</subfield></datafield><datafield ind1=" " ind2=" " tag="588"><subfield code="a">Description based on: Apr. 19, 1888.</subfield></datafield><datafield ind1=" " ind2="0" tag="651"><subfield code="a">Chicago (Ill.)</subfield><subfield code="v">Newspapers.</subfield></datafield><datafield ind1=" " ind2="7" tag="655"><subfield code="a">Newspapers.</subfield><subfield code="2">fast</subfield><subfield code="0">(OCoLC)fst01423814</subfield></datafield><datafield ind1=" " ind2="7" tag="651"><subfield code="a">Illinois</subfield><subfield code="z">Chicago.</subfield><subfield code="2">fast</subfield><subfield code="0">(OCoLC)fst01204048</subfield></datafield><datafield ind1=" " ind2=" " tag="752"><subfield code="a">United States</subfield><subfield code="b">Illinois</subfield><subfield code="c">Cook</subfield><subfield code="d">Chicago.</subfield></datafield><datafield ind1="0" ind2="0" tag="785"><subfield code="t">Chicago daily globe</subfield><subfield code="w">(DLC)sn 82006507</subfield><subfield code="w">(OCoLC)08804460</subfield></datafield></record>